
% статья на основе которой построена модель
@inproceedings{kass2022attentionhtr,
  title={AttentionHTR: Handwritten Text Recognition Based on Attention Encoder-Decoder Networks},
  author={Kass, Dmitrijs and Vats, Ekta},
  booktitle={International Workshop on Document Analysis Systems},
  pages={507--522},
  year={2022},
  organization={Springer}
}

% диссер по HTR
@article{sueiras2021continuous,
  title={Continuous Offline Handwriting Recognition using Deep Learning Models},
  author={Sueiras, Jorge},
  journal={arXiv preprint arXiv:2112.13328},
  year={2021}
}

% модель для русского языка
@article{abdallah2020attention,
  title={Attention-based fully gated cnn-bgru for russian handwritten text},
  author={Abdallah, Abdelrahman and Hamada, Mohamed and Nurseitov, Daniyar},
  journal={Journal of Imaging},
  volume={6},
  number={12},
  pages={141},
  year={2020},
  publisher={MDPI}
}

% модель для русского языка от сбера
@article{shonenkov2021stackmix,
  title={StackMix and Blot Augmentations for Handwritten Text Recognition},
  author={Shonenkov, Alex and Karachev, Denis and Novopoltsev, Maxim and Potanin, Mark and Dimitrov, Denis},
  journal={arXiv preprint arXiv:2108.11667},
  year={2021}
}

% из диссера
@article{plamondon2000online,
  title={Online and off-line handwriting recognition: a comprehensive survey},
  author={Plamondon, R{\'e}jean and Srihari, Sargur N},
  journal={IEEE Transactions on pattern analysis and machine intelligence},
  volume={22},
  number={1},
  pages={63--84},
  year={2000},
  publisher={IEEE}
}

@incollection{prakash2021pattern,
  title={Pattern Recognition and Machine Learning},
  author={Prakash, Kolla Bhanu and Kanagachidambaresan, GR and others},
  booktitle={Programming with TensorFlow},
  pages={105--144},
  year={2021},
  publisher={Springer}
}

@book{goodfellow2016deep,
  title={Deep learning},
  author={Goodfellow, Ian and Bengio, Yoshua and Courville, Aaron},
  year={2016},
  publisher={MIT press}
}

@article{sutskever2014sequence,
  title={Sequence to sequence learning with neural networks},
  author={Sutskever, Ilya and Vinyals, Oriol and Le, Quoc V},
  journal={Advances in neural information processing systems},
  volume={27},
  year={2014}
}


% str
@article{zhu2016scene,
  title={Scene text detection and recognition: Recent advances and future trends},
  author={Zhu, Yingying and Yao, Cong and Bai, Xiang},
  journal={Frontiers of Computer Science},
  volume={10},
  number={1},
  pages={19--36},
  year={2016},
  publisher={Springer}
}
